<?xml version="1.0" encoding="UTF-8"?><collection xmlns="http://www.loc.gov/MARC21/slim"><record><leader>00353nam--2200145-i-4500</leader><controlfield tag="001">000013757</controlfield><controlfield tag="002">20161230</controlfield><controlfield tag="005">20170208170750</controlfield><controlfield tag="008">060222s1000------------r-----000-0-eng-d</controlfield><datafield ind1=" " ind2=" " tag="100"><subfield code="a">Bonaiuto, Giuseppe</subfield></datafield><datafield ind1=" " ind2=" " tag="245"><subfield code="a">La quadratura del circolo</subfield></datafield><datafield ind1=" " ind2=" " tag="260"><subfield code="a">Catania</subfield><subfield code="b">Sorace &amp; Siracusa</subfield><subfield code="c">1939</subfield></datafield><datafield ind1=" " ind2=" " tag="300"><subfield code="a">7 p</subfield></datafield><datafield ind1=" " ind2=" " tag="852"><subfield code="a">514</subfield></datafield><datafield ind1=" " ind2=" " tag="CAT"><subfield code="a">SYS</subfield><subfield code="c">20170208</subfield><subfield code="h">170750</subfield></datafield></record></collection>